@Misc{hdd,
title = {de.wikipedia.org},
note = {Eingesehen am 07.03.2017},
url = {https://de.wikipedia.org/wiki/Festplattenlaufwerk},
key = {hdd},
}

@Misc{epv,
title = {elektronikpraxis.vogel.de},
note = {Eingesehen am 07.03.2017},
url = {http://www.elektronikpraxis.vogel.de/speicher/articles/418124/},
key = {epv},
}

@Misc{ccm,
title = {de.ccm.net},
note = {Eingesehen am 07.03.2017},
url = {http://de.ccm.net/contents/465-geschichte-der-festplatte},
key = {ccm},
}

@Misc{elk,
title = {http://www.elektronik-kompendium.de/},
note = {Eingesehen am 11.03.2017},
url = {http://www.elektronik-kompendium.de/sites/com/0610291.htm},
key = {elk},
}

@Misc{clk,
title = {http://www.computerlexikon.com},
note = {Eingesehen am 07.03.2017},
url = {http://www.computerlexikon.com/definition-festplatte},
key = {clk},
}

@Misc{nbp,
title = {www.nobelprize.org},
note = {Eingesehen am 11.03.2017},
url = {https://www.nobelprize.org/nobel_prizes/physics/laureates/2007/press-ty.html},
key = {nbp},
}

@Misc{gza,
title = {www.geizhals.de},
note = {Eingesehen am 11.03.2017},
url = {https://geizhals.de/seagate-skyhawk-10tb-st10000vx0004-a1479547.html?hloc=at&hloc=de},
key = {gza},
}

@Misc{gzb,
title = {www.geizhals.de},
note = {Eingesehen am 11.03.2017},
url = {https://geizhals.de/seagate-barracuda-compute-5tb-st5000lm000-a1521940.html?hloc=at&hloc=de},
key = {gzb},
}

@Misc{gzc,
title = {www.geizhals.de},
note = {Eingesehen am 11.03.2017},
url = {https://geizhals.de/toshiba-mk2529gsg-250gb-a404772.html?hloc=at&hloc=de},
key = {gzc},
}


@Misc{gmr,
title = {de.wikipedia.org},
note = {Eingesehen am 11.03.2017},
url = {https://de.wikipedia.org/wiki/GMR-Effekt},
key = {gmr},
}

@Misc{img:ramac,
title = {Ramac 305},
note = {By User RTC on en.wikipedia (Photo by U. S. Army Red River Arsenal) [Public domain], via Wikimedia Commons},
url = {https://upload.wikimedia.org/wikipedia/commons/d/d3/BRL61-IBM_305_RAMAC.jpeg},
key = {img:ramac},
}

@Misc{img:idejumper,
title = {IDE Konfiguration Jumper},
note = {wikimedia.org},
url = {https://upload.wikimedia.org/wikipedia/commons/9/96/Festplatten_Jumper.jpg},
key = {img:idejumper},
}

@Misc{img:sas,
title = {SAS Multiplier Backplane f√ºr HP Server},
note = {ebay.com},
url = {http://i.ebayimg.com/images/g/IxkAAOSw9r1V74Uo/s-l1600.jpg},
key = {img:sas},
}

@Misc{img:fibre,
title = {Festplatte mit Fibre Channel Anschluss},
note = {servershop24.de},
url = {https://www.servershop24.de/komponenten/festplatten/fibre-channel/hitachi-450-gb-15k-fc-fibre-channel-3-5-festplatte-hard-disk-hus156045vlf400/a-114584/},
key = {img:fibre},
}

@Misc{pr,
title = {en.wikipedia.org},
note = {Eingesehen am 11.03.2017},
url = {https://en.wikipedia.org/wiki/Perpendicular_recording},
key = {pr},
}

@Misc{pr1,
title = {www.itwissen.info},
note = {Eingesehen am 11.03.2017},
url = {http://www.itwissen.info/Perpendicular-Recording-perpendicular-magnetic-recording-PMR.html},
key = {pr-1},
}

@Misc{ctrl,
title = {Host Bus Adapter},
note = {Eingesehen am 11.03.2017},
url = {https://de.wikipedia.org/wiki/Host-Bus-Adapter},
key = {ctrl},
}

@Misc{lpbus,
title = {Vorlesung Betriessysteme und Systemsoftware SS 2016, Prof. Dr. Klaus Wehrle},
note = {Eingesehen am 11.03.2017},
url = {https://www3.elearning.rwth-aachen.de/ss16/16ss-38942/Lists/StructuredMaterials/Forms/AllItems.aspx},
key = {l2pbus},
}

@Misc{ssd,
title = {Solid-State-Drive},
note = {Eingesehen am 12.03.2017},
url = {https://de.wikipedia.org/wiki/Solid-State-Drive},
key = {ssd},
}
@Misc{hddprod,
title = {Solid-State-Drive},
note = {Eingesehen am 12.03.2017},
url = {https://www.forbes.com/sites/tomcoughlin/2015/01/29/hdd-annual-unit-shipments-increase-in-2014/#1fe324554e21},
key = {hddprod},
}

@Misc{hhdd,
title = {Solid-State-Drive},
note = {Eingesehen am 12.03.2017},
url = {https://en.wikipedia.org/wiki/History_of_hard_disk_drives},
key = {hhdd},
}

@Misc{hgsthel,
title = {Helium Festplatte mit 10 TByte},
note = {Eingesehen am 12.03.2017},
url = {https://www.heise.de/newsticker/meldung/Helium-Festplatte-mit-10-TByte-3029805.html},
key = {hgsthel},
}

@Misc{img:lmr,
title = {Longitudinal Recording},
note = {http://www.itwissen.info/},
url = {http://www.itwissen.info/lex-images/prinzip-des-longitudinal-recording-lmr.png},
key = {img:lmr},
}

@Misc{img:pr,
title = {Perpendicular Recording},
note = {http://www.itwissen.info/},
url = {http://www.itwissen.info/lex-images/prinzip-des-perpendicular-recordings.png},
key = {img:pr},
}

@Misc{img:hdddown,
title = {Festplatte WD740 Raptor SATA Unterseite},
note = {https://commons.wikimedia.org/},
url = {https://commons.wikimedia.org/wiki/File:Festplatte_WD740_Raptor_SATA_Unterseite.jpg},
key = {img:hdddown},
}

@Misc{img:hdd,
title = {www.bwv-verlag.de/},
note = {Eingesehen am 11.03.2017},
url = {https://www.bwv-verlag.de/user/design/buchinfos/978-3-8305-3405-1__abbildungen/978-3-8305-3405-1__abb_2_4__.jpg},
key = {img:hdd},
}

@Misc{vid:hdd,
title = {Wie funktioniert eine Festplatte},
note = {youtube.com},
url = {https://www.youtube.com/watch?v=z95RIv00wJw},
key = {vid:hdd},
}